@misc{neovim,
  author = {Thiago de Arruda},
  title = {{Neovim}},
  howpublished = "\url{https://neovim.io/}",
  note = "[hyperextensible Vim-based text editor]"
}

@misc{nodejs,
  author = {Ryan Dahl},
  title = {{Node.js}},
  howpublished = "https://nodejs.org",
  note = "[Node.jsÂ® is a free, open-source, cross-platform JavaScript runtime environment]"
}

@misc{hardhat-gas-reporter,
  author = {cgewecke},
  title = {{Hardhat Gas Reporter}},
  howpublished = "https://github.com/cgewecke/hardhat-gas-reporter",
  note = "[Gas Usage Analytics for Hardhat]",
}

@misc{fnm,
  author = {Gal Schlezinger},
  title = {{FNM}},
  howpublished = "https://github.com/Schniz/fnm",
  note = "[Fast and simple Node.js version manager, built in Rust]"
}

@misc{yarn,
  author = {},
  title = "Yarn",
  howpublished = "https://yarnpkg.com/",
  note = "[Yarn is a package manager that doubles down as project manager.]"
}

@misc{openzeppelin,
  author = {OpenZeppelin Community},
  title = "OpenZeppelin",
  howpublished = "https://www.openzeppelin.com/",
  note = "[OpenZeppelin Contracts is a library for secure smart contract development.]"
}

@misc{hardhat,
    author = {Nomic Labs LLC},
    title = {Hardhat},
    howpublished = {https://hardhat.org/},
    note = {[Ethereum development environment for professionals]},
}
